@inproceedings{dion-blancDetectionRupturesMultiples2023,
  title = {Détection de Ruptures Multiples Pour Les Processus de {{Poisson}}},
  booktitle = {54ème {{Journées De Statistique De Société Française De Statistique}}},
  author = {Dion-Blanc, Charlotte and Lebarbier, E. and Robin, Stephane S.},
  date = {2023-06},
  location = {{Bruxelles, Belgium}},
  url = {https://hal.science/hal-04403138},
  urldate = {2024-01-31},
  abstract = {La détection des points de rupture a pour but de découvrir les changements de comportement qui se cachent derrière les données de séquences temporelles. Dans ce travail, nous étudions le cas où les données proviennent d'un processus de Poisson hétérogène d'intensité constante par morceaux. Nous présentons une méthodologie de détection, hors ligne, de points de changement multiples, basée sur l'estimateur de contraste minimum. En particulier, nous expliquons comment traiter la nature continue du processus. Enfin, nous sélectionnons le nombre de segments à l'aide d'une procédure de validation croisée, rendu possible ici par une propriété spécifique au processus de Poisson. La méthode proposée est implémentée dans le package R CptPointProcess.},
  keywords = {change-point detection,cross-validation,cross-validation.,d´etection de ruptures,Point process,Processus de Poisson},
  file = {/home/polarolouis/Zotero/storage/CMH2BIEC/Dion-Blanc et al. - 2023 - Détection de ruptures multiples pour les processus.pdf}
}
